<?xml version="1.0" encoding="UTF-8"?>
<record>
  <leader>02650nas#a2200469#c#4500</leader>
  <controlfield tag="005">20230222100300.0</controlfield>
  <controlfield tag="007">tu</controlfield>
  <controlfield tag="008">080428u20089999gw#z|#m#######|####|ger#c</controlfield>
  <controlfield tag="003">DE-605</controlfield>
  <controlfield tag="001">990166236770206441</controlfield>
  <datafield tag="016" ind1="7" ind2=" ">
    <subfield code="a">984716972</subfield>
    <subfield code="2">OCoLC</subfield>
  </datafield>
  <datafield tag="022" ind1=" " ind2=" ">
    <subfield code="a">0930-4304</subfield>
    <subfield code="0">http://worldcat.org/issn/0930-4304</subfield>
  </datafield>
  <datafield tag="035" ind1=" " ind2=" ">
    <subfield code="a">(DE-605)HT015516061</subfield>
  </datafield>
  <datafield tag="040" ind1=" " ind2=" ">
    <subfield code="c">DE-605</subfield>
    <subfield code="a">5</subfield>
    <subfield code="b">ger</subfield>
    <subfield code="d">361</subfield>
    <subfield code="e">rakwb</subfield>
    <subfield code="d">DE-605</subfield>
  </datafield>
  <datafield tag="041" ind1=" " ind2=" ">
    <subfield code="a">ger</subfield>
  </datafield>
  <datafield tag="044" ind1=" " ind2=" ">
    <subfield code="c">XA-DE</subfield>
  </datafield>
  <datafield tag="084" ind1=" " ind2=" ">
    <subfield code="a">900</subfield>
    <subfield code="a">800</subfield>
    <subfield code="2">z</subfield>
  </datafield>
  <datafield tag="084" ind1=" " ind2=" ">
    <subfield code="a">125</subfield>
    <subfield code="q">DE-600</subfield>
    <subfield code="2">zdbs</subfield>
  </datafield>
  <datafield tag="110" ind1="2" ind2=" ">
    <subfield code="a">Akademie der Wissenschaften in Göttingen</subfield>
    <subfield code="0">(DE-588)2003658-9</subfield>
    <subfield code="4">aut</subfield>
    <subfield code="0">http://d-nb.info/gnd/004642007</subfield>
    <subfield code="0">http://viaf.org/viaf/sourceID/DNB|004642007</subfield>
    <subfield code="B">GND-004642007</subfield>
  </datafield>
  <datafield tag="245" ind1="1" ind2="0">
    <subfield code="a">Abhandlungen der Akademie der Wissenschaften zu Göttingen</subfield>
  </datafield>
  <datafield tag="246" ind1="3" ind2=" ">
    <subfield code="a">NA</subfield>
  </datafield>
  <datafield tag="246" ind1="3" ind2=" ">
    <subfield code="a">Neue Abhandlungen der Akademie der Wissenschaften zu Göttingen, Philologisch-Historische Klasse</subfield>
  </datafield>
  <datafield tag="246" ind1="3" ind2=" ">
    <subfield code="a">ADW</subfield>
  </datafield>
  <datafield tag="246" ind1="3" ind2=" ">
    <subfield code="a">Abhandlungen der Akademie der Wissenschaften zu Göttingen, Philologisch-Historische Klasse</subfield>
  </datafield>
  <datafield tag="246" ind1="1" ind2=" ">
    <subfield code="i">Nebent.</subfield>
    <subfield code="a">NA. - ADW</subfield>
  </datafield>
  <datafield tag="264" ind1="3" ind2="1">
    <subfield code="a">Berlin</subfield>
    <subfield code="a">New York, NY</subfield>
    <subfield code="b">de Gruyter</subfield>
    <subfield code="c">2008-</subfield>
  </datafield>
  <datafield tag="362" ind1="0" ind2=" ">
    <subfield code="a">N.F. 1.2008 -</subfield>
  </datafield>
  <datafield tag="035" ind1=" " ind2=" ">
    <subfield code="a">(OCoLC)984716972</subfield>
  </datafield>
  <datafield tag="035" ind1=" " ind2=" ">
    <subfield code="a">(DE-599)HBZHT015516061</subfield>
  </datafield>
  <datafield tag="964" ind1="0" ind2="i">
    <subfield code="I">marc-FMT via MAB2MARC</subfield>
    <subfield code="F">FMT</subfield>
    <subfield code="A">SE</subfield>
  </datafield>
  <datafield tag="964" ind1="0" ind2="s">
    <subfield code="F">030</subfield>
    <subfield code="A">a|1dcz|z|||27</subfield>
  </datafield>
  <datafield tag="964" ind1="0" ind2="s">
    <subfield code="F">050</subfield>
    <subfield code="A">a|a|||||||||||</subfield>
  </datafield>
  <datafield tag="964" ind1="0" ind2="s">
    <subfield code="F">052</subfield>
    <subfield code="A">r||||||zz||||||</subfield>
  </datafield>
  <datafield tag="710" ind1="2" ind2=" ">
    <subfield code="a">Akademie der Wissenschaften in Göttingen</subfield>
    <subfield code="b">Philologisch-Historische Klasse</subfield>
    <subfield code="0">(DE-588)2003674-7</subfield>
    <subfield code="4">aut</subfield>
    <subfield code="0">http://d-nb.info/gnd/004642112</subfield>
    <subfield code="0">http://viaf.org/viaf/sourceID/DNB|004642112</subfield>
  </datafield>
  <datafield tag="710" ind1="2" ind2=" ">
    <subfield code="a">Akademie der Wissenschaften in Göttingen</subfield>
    <subfield code="b">Philologisch-Historische Klasse</subfield>
    <subfield code="9">O:802</subfield>
    <subfield code="0">(DE-588)2003674-7</subfield>
    <subfield code="4">aut</subfield>
    <subfield code="0">http://d-nb.info/gnd/004642112</subfield>
    <subfield code="0">http://viaf.org/viaf/sourceID/DNB|004642112</subfield>
  </datafield>
  <datafield tag="710" ind1="2" ind2=" ">
    <subfield code="a">Akademie der Wissenschaften in Göttingen</subfield>
    <subfield code="b">Philologisch-Historische Klasse</subfield>
    <subfield code="t">Neue Abhandlungen der Akademie der Wissenschaften zu Göttingen, Philologisch-Historische Klasse</subfield>
    <subfield code="9">O:805b</subfield>
  </datafield>
  <datafield tag="710" ind1="2" ind2=" ">
    <subfield code="a">Akademie der Wissenschaften in Göttingen</subfield>
    <subfield code="b">Philologisch-Historische Klasse</subfield>
    <subfield code="9">O:808</subfield>
    <subfield code="0">(DE-588)2003674-7</subfield>
    <subfield code="4">aut</subfield>
    <subfield code="0">http://d-nb.info/gnd/004642112</subfield>
    <subfield code="0">http://viaf.org/viaf/sourceID/DNB|004642112</subfield>
  </datafield>
  <datafield tag="710" ind1="2" ind2=" ">
    <subfield code="a">Akademie der Wissenschaften in Göttingen</subfield>
    <subfield code="b">Philologisch-Historische Klasse</subfield>
    <subfield code="t">Abhandlungen der Akademie der Wissenschaften zu Göttingen, Philologisch-Historische Klasse</subfield>
    <subfield code="9">O:811b</subfield>
  </datafield>
  <datafield tag="776" ind1="0" ind2="8">
    <subfield code="i">Erscheint auch als</subfield>
    <subfield code="n">Online-Ausgabe</subfield>
    <subfield code="t">Abhandlungen der Akademie der Wissenschaften zu Göttingen</subfield>
    <subfield code="w">(DE-605)HT019163964</subfield>
  </datafield>
  <datafield tag="780" ind1="0" ind2="0">
    <subfield code="i">Vorg. ---&gt;</subfield>
    <subfield code="t">Akademie der Wissenschaften &lt;Göttingen&gt; / Philologisch-Historische Klasse: Abhandlungen der Akademie der Wissenschaften zu Göttingen, Philologisch-Historische Klasse</subfield>
    <subfield code="w">(DE-605)HT001233045</subfield>
  </datafield>
  <datafield tag="500" ind1=" " ind2=" ">
    <subfield code="a">Hauptsacht. N.F. 1.2008 - 2.2008: Neue Abhandlungen der Akademie der Wissenschaften zu Göttingen, Philologisch-Historische Klasse. Hauptsacht. N.F. 7.2009: Abhandlungen der Akademie der Wissenschaften zu Göttingen, Philologisch-Historische Klasse</subfield>
  </datafield>
  <datafield tag="500" ind1=" " ind2=" ">
    <subfield code="a">Urheber N.F. 1.2008 - 2.2008: Akademie der Wissenschaften zu Göttingen, Philologisch-Historische Klasse</subfield>
  </datafield>
  <datafield tag="515" ind1=" " ind2=" ">
    <subfield code="a">Ersch. unregelmäßig</subfield>
  </datafield>
  <datafield tag="MBD" ind1=" " ind2=" ">
    <subfield code="M">49HBZ_NETWORK</subfield>
    <subfield code="i">990166236770206441</subfield>
    <subfield code="n">HBZ Network</subfield>
  </datafield>
  <datafield tag="MBD" ind1=" " ind2=" ">
    <subfield code="M">49HBZ_WUP</subfield>
    <subfield code="i">990009531920206447</subfield>
    <subfield code="n">Bergische Universität Wuppertal</subfield>
  </datafield>
  <datafield tag="MBD" ind1=" " ind2=" ">
    <subfield code="M">49HBZ_BRIDGE_BDR</subfield>
    <subfield code="i">9929614707508</subfield>
    <subfield code="n">Bibliothek des Ruhrgebiets, Bochum</subfield>
  </datafield>
  <datafield tag="MBD" ind1=" " ind2=" ">
    <subfield code="M">49HBZ_BRIDGE_EDK</subfield>
    <subfield code="i">9972651707507</subfield>
    <subfield code="n">Erzbischöfliche Diözesan- und Dombibliothek</subfield>
  </datafield>
  <datafield tag="MBD" ind1=" " ind2=" ">
    <subfield code="M">49HBZ_FUH</subfield>
    <subfield code="i">990008747490106464</subfield>
    <subfield code="n">Fernuniversität Hagen</subfield>
  </datafield>
  <datafield tag="MBD" ind1=" " ind2=" ">
    <subfield code="M">49HBZ_DET</subfield>
    <subfield code="i">991000080159706480</subfield>
    <subfield code="n">Hochschule für Musik Detmold / Lippische Landesbibliothek</subfield>
  </datafield>
  <datafield tag="MBD" ind1=" " ind2=" ">
    <subfield code="M">49HBZ_BRIDGE_PTR</subfield>
    <subfield code="i">9941791907817</subfield>
    <subfield code="n">Priesterseminar, Bibliothek, Trier</subfield>
  </datafield>
  <datafield tag="MBD" ind1=" " ind2=" ">
    <subfield code="M">49HBZ_RTU</subfield>
    <subfield code="i">990006510820107476</subfield>
    <subfield code="n">RPTU Kaiserslautern-Landau</subfield>
  </datafield>
  <datafield tag="MBD" ind1=" " ind2=" ">
    <subfield code="M">49HBZ_UBA</subfield>
    <subfield code="i">991009993019706448</subfield>
    <subfield code="n">RWTH Aachen</subfield>
  </datafield>
  <datafield tag="MBD" ind1=" " ind2=" ">
    <subfield code="M">49HBZ_BRIDGE_LBZ</subfield>
    <subfield code="i">99114648107506</subfield>
    <subfield code="n">Rheinische Landesbibliothek Koblenz</subfield>
  </datafield>
  <datafield tag="MBD" ind1=" " ind2=" ">
    <subfield code="M">49HBZ_BRIDGE_WBT</subfield>
    <subfield code="i">9943798507826</subfield>
    <subfield code="n">Stadtbibliothek Trier</subfield>
  </datafield>
  <datafield tag="MBD" ind1=" " ind2=" ">
    <subfield code="M">49HBZ_UBD</subfield>
    <subfield code="i">991003248939706445</subfield>
    <subfield code="n">Technische Universität Dortmund</subfield>
  </datafield>
  <datafield tag="MBD" ind1=" " ind2=" ">
    <subfield code="M">49HBZ_UBT</subfield>
    <subfield code="i">990017031450106470</subfield>
    <subfield code="n">UB Trier</subfield>
  </datafield>
  <datafield tag="MBD" ind1=" " ind2=" ">
    <subfield code="M">49HBZ_ULB</subfield>
    <subfield code="i">991026984369706467</subfield>
    <subfield code="n">Universitaet Bonn</subfield>
  </datafield>
  <datafield tag="MBD" ind1=" " ind2=" ">
    <subfield code="M">49HBZ_BIE</subfield>
    <subfield code="i">991015195509706442</subfield>
    <subfield code="n">Universität Bielefeld</subfield>
  </datafield>
  <datafield tag="MBD" ind1=" " ind2=" ">
    <subfield code="M">49HBZ_UBO</subfield>
    <subfield code="i">991017383309706471</subfield>
    <subfield code="n">Universität Bochum</subfield>
  </datafield>
  <datafield tag="MBD" ind1=" " ind2=" ">
    <subfield code="M">49HBZ_UDE</subfield>
    <subfield code="i">990166998620206446</subfield>
    <subfield code="n">Universität Duisburg-Essen</subfield>
  </datafield>
  <datafield tag="MBD" ind1=" " ind2=" ">
    <subfield code="M">49HBZ_DUE</subfield>
    <subfield code="i">990020292020206443</subfield>
    <subfield code="n">Universität Düsseldorf</subfield>
  </datafield>
  <datafield tag="MBD" ind1=" " ind2=" ">
    <subfield code="M">49HBZ_UKO</subfield>
    <subfield code="i">990006510820108057</subfield>
    <subfield code="n">Universität Koblenz</subfield>
  </datafield>
  <datafield tag="MBD" ind1=" " ind2=" ">
    <subfield code="M">49HBZ_UBK</subfield>
    <subfield code="i">991013521679706476</subfield>
    <subfield code="n">Universität Köln</subfield>
  </datafield>
  <datafield tag="MBD" ind1=" " ind2=" ">
    <subfield code="M">49HBZ_ULM</subfield>
    <subfield code="i">991034619579706449</subfield>
    <subfield code="n">Universität Münster</subfield>
  </datafield>
  <datafield tag="MBD" ind1=" " ind2=" ">
    <subfield code="M">49HBZ_SIE</subfield>
    <subfield code="i">990160415890106462</subfield>
    <subfield code="n">Universität Siegen</subfield>
  </datafield>
  <datafield tag="MBD" ind1=" " ind2=" ">
    <subfield code="M">49HBZ_PAD</subfield>
    <subfield code="i">990010205830106463</subfield>
    <subfield code="n">Universitätsbibliothek Paderborn</subfield>
  </datafield>
  <datafield tag="MNG" ind1=" " ind2=" ">
    <subfield code="c">System</subfield>
    <subfield code="f">HBZ</subfield>
    <subfield code="i">marc21</subfield>
    <subfield code="h">20230222100300.0</subfield>
    <subfield code="k">01</subfield>
    <subfield code="e">false</subfield>
    <subfield code="d">2023-05-29 14:18:42 Europe/Berlin</subfield>
    <subfield code="g">016623677-HBZ01</subfield>
    <subfield code="j">60</subfield>
    <subfield code="a">import</subfield>
    <subfield code="b">2021-04-05 14:09:48 Europe/Berlin</subfield>
  </datafield>
  <datafield tag="H52" ind1="0" ind2=" ">
    <subfield code="b">BR002</subfield>
    <subfield code="c">UNASSIGNED</subfield>
    <subfield code="8">2216776120007508</subfield>
  </datafield>
  <datafield tag="HOL" ind1=" " ind2=" ">
    <subfield code="d">2023-06-03 03:07:37</subfield>
    <subfield code="8">2216776120007508</subfield>
    <subfield code="b">2023-06-03 03:07:37</subfield>
    <subfield code="M">49HBZ_BRIDGE_BDR</subfield>
    <subfield code="g">false</subfield>
    <subfield code="a">System</subfield>
    <subfield code="c">System</subfield>
  </datafield>
  <datafield tag="H52" ind1="0" ind2=" ">
    <subfield code="b">ED001</subfield>
    <subfield code="c">UNASSIGNED</subfield>
    <subfield code="8">2248483960007507</subfield>
  </datafield>
  <datafield tag="HOL" ind1=" " ind2=" ">
    <subfield code="d">2023-06-03 03:07:26</subfield>
    <subfield code="8">2248483960007507</subfield>
    <subfield code="b">2023-06-03 03:07:26</subfield>
    <subfield code="M">49HBZ_BRIDGE_EDK</subfield>
    <subfield code="g">false</subfield>
    <subfield code="a">System</subfield>
    <subfield code="c">System</subfield>
  </datafield>
  <datafield tag="H52" ind1="0" ind2=" ">
    <subfield code="b">T0006</subfield>
    <subfield code="c">UNASSIGNED</subfield>
    <subfield code="8">2225775640007817</subfield>
  </datafield>
  <datafield tag="HOL" ind1=" " ind2=" ">
    <subfield code="d">2023-06-03 03:07:15</subfield>
    <subfield code="8">2225775640007817</subfield>
    <subfield code="b">2023-06-03 03:07:15</subfield>
    <subfield code="M">49HBZ_BRIDGE_PTR</subfield>
    <subfield code="g">false</subfield>
    <subfield code="a">System</subfield>
    <subfield code="c">System</subfield>
  </datafield>
  <datafield tag="H52" ind1="0" ind2=" ">
    <subfield code="b">R0001</subfield>
    <subfield code="c">UNASSIGNED</subfield>
    <subfield code="8">2278296450007506</subfield>
  </datafield>
  <datafield tag="HOL" ind1=" " ind2=" ">
    <subfield code="d">2023-06-03 03:06:28</subfield>
    <subfield code="8">2278296450007506</subfield>
    <subfield code="b">2023-06-03 03:06:28</subfield>
    <subfield code="M">49HBZ_BRIDGE_LBZ</subfield>
    <subfield code="g">false</subfield>
    <subfield code="a">System</subfield>
    <subfield code="c">System</subfield>
  </datafield>
  <datafield tag="H52" ind1="0" ind2=" ">
    <subfield code="b">R0003</subfield>
    <subfield code="c">UNASSIGNED</subfield>
    <subfield code="8">2278296470007506</subfield>
  </datafield>
  <datafield tag="HOL" ind1=" " ind2=" ">
    <subfield code="d">2023-06-03 03:06:28</subfield>
    <subfield code="8">2278296470007506</subfield>
    <subfield code="b">2023-06-03 03:06:27</subfield>
    <subfield code="M">49HBZ_BRIDGE_LBZ</subfield>
    <subfield code="g">false</subfield>
    <subfield code="a">System</subfield>
    <subfield code="c">System</subfield>
  </datafield>
  <datafield tag="H52" ind1="0" ind2=" ">
    <subfield code="b">T0010</subfield>
    <subfield code="c">UNASSIGNED</subfield>
    <subfield code="8">2223145480007826</subfield>
  </datafield>
  <datafield tag="HOL" ind1=" " ind2=" ">
    <subfield code="d">2023-06-03 03:07:04</subfield>
    <subfield code="8">2223145480007826</subfield>
    <subfield code="b">2023-06-03 03:07:03</subfield>
    <subfield code="M">49HBZ_BRIDGE_WBT</subfield>
    <subfield code="g">false</subfield>
    <subfield code="a">System</subfield>
    <subfield code="c">System</subfield>
  </datafield>
  <datafield tag="H52" ind1="8" ind2=" ">
    <subfield code="b">T0011</subfield>
    <subfield code="c">MAG</subfield>
    <subfield code="h">a4056C</subfield>
    <subfield code="8">22262957260006470</subfield>
  </datafield>
  <datafield tag="HOL" ind1=" " ind2=" ">
    <subfield code="b">2023-08-13 14:57:05</subfield>
    <subfield code="8">22262957260006470</subfield>
    <subfield code="M">49HBZ_UBT</subfield>
    <subfield code="g">false</subfield>
    <subfield code="a">import</subfield>
  </datafield>
  <datafield tag="ITM" ind1=" " ind2=" ">
    <subfield code="H">22262957260006470</subfield>
    <subfield code="x">MAG</subfield>
    <subfield code="f">BOOK</subfield>
    <subfield code="v">MAG</subfield>
    <subfield code="p">kA</subfield>
    <subfield code="X">System</subfield>
    <subfield code="U">2009-08-25 12:59:00 Europe/Berlin</subfield>
    <subfield code="Y">2023-08-13 16:58:44 Europe/Berlin</subfield>
    <subfield code="h">false</subfield>
    <subfield code="n">a4056C</subfield>
    <subfield code="P">///0</subfield>
    <subfield code="M">49HBZ_UBT</subfield>
    <subfield code="s">1</subfield>
    <subfield code="d">8</subfield>
    <subfield code="V">import</subfield>
    <subfield code="a">23262957250006470</subfield>
    <subfield code="t">8</subfield>
    <subfield code="c">a4056C</subfield>
    <subfield code="B">Seriensignatur</subfield>
    <subfield code="D">20090825</subfield>
    <subfield code="W">2009-08-25 02:00:00 Europe/Berlin</subfield>
    <subfield code="u">T0011</subfield>
    <subfield code="w">T0011</subfield>
  </datafield>
  <datafield tag="H52" ind1="8" ind2="1">
    <subfield code="b">RL001</subfield>
    <subfield code="c">UNASSIGNED</subfield>
    <subfield code="8">2232347730008057</subfield>
  </datafield>
  <datafield tag="HOL" ind1=" " ind2=" ">
    <subfield code="b">2023-08-14 07:05:35</subfield>
    <subfield code="8">2232347730008057</subfield>
    <subfield code="M">49HBZ_UKO</subfield>
    <subfield code="g">false</subfield>
    <subfield code="a">import</subfield>
  </datafield>
  <datafield tag="H52" ind1="8" ind2=" ">
    <subfield code="b">P0001</subfield>
    <subfield code="c">UEO</subfield>
    <subfield code="8">22195808780006463</subfield>
  </datafield>
  <datafield tag="H52" ind1="8" ind2="2">
    <subfield code="z">ab Bd. 31 Einzelsignaturen</subfield>
    <subfield code="8">22195808780006463</subfield>
  </datafield>
  <datafield tag="HOL" ind1=" " ind2=" ">
    <subfield code="d">2023-11-16 11:01:20</subfield>
    <subfield code="8">22195808780006463</subfield>
    <subfield code="b">2023-11-16 10:53:34</subfield>
    <subfield code="M">49HBZ_PAD</subfield>
    <subfield code="g">false</subfield>
    <subfield code="a">e.haase</subfield>
    <subfield code="c">e.haase</subfield>
  </datafield>
  <datafield tag="GKT" ind1="2" ind2=" ">
    <subfield code="a">Akademie der Wissenschaften in Göttingen</subfield>
    <subfield code="b">Klasse</subfield>
    <subfield code="n">1</subfield>
    <subfield code="A">GND</subfield>
    <subfield code="B">GND-004642112</subfield>
    <subfield code="C">410</subfield>
  </datafield>
  <datafield tag="GSI" ind1="7" ind2=" ">
    <subfield code="a">2003674-7</subfield>
    <subfield code="0">http://d-nb.info/gnd/2003674-7</subfield>
    <subfield code="2">gnd</subfield>
    <subfield code="A">GND</subfield>
    <subfield code="B">GND-004642112</subfield>
    <subfield code="C">024</subfield>
  </datafield>
  <datafield tag="GKT" ind1="2" ind2=" ">
    <subfield code="a">Göttinger Akademie der Wissenschaften</subfield>
    <subfield code="g">Akademie der Wissenschaften in Göttingen</subfield>
    <subfield code="A">GND</subfield>
    <subfield code="B">GND-004642007</subfield>
    <subfield code="C">410</subfield>
  </datafield>
  <datafield tag="GKT" ind1="2" ind2=" ">
    <subfield code="a">Akademie</subfield>
    <subfield code="g">Göttingen</subfield>
    <subfield code="A">GND</subfield>
    <subfield code="B">GND-004642007</subfield>
    <subfield code="C">410</subfield>
  </datafield>
  <datafield tag="GKT" ind1="2" ind2=" ">
    <subfield code="a">Academia Litterarum Gottingensis</subfield>
    <subfield code="A">GND</subfield>
    <subfield code="B">GND-004642007</subfield>
    <subfield code="C">410</subfield>
  </datafield>
  <datafield tag="GKT" ind1="2" ind2=" ">
    <subfield code="a">Academia Gottingensis</subfield>
    <subfield code="A">GND</subfield>
    <subfield code="B">GND-004642007</subfield>
    <subfield code="C">410</subfield>
  </datafield>
  <datafield tag="GKT" ind1="2" ind2=" ">
    <subfield code="a">Academia Scientiarum Gottingensis</subfield>
    <subfield code="A">GND</subfield>
    <subfield code="B">GND-004642007</subfield>
    <subfield code="C">410</subfield>
  </datafield>
  <datafield tag="GKT" ind1="2" ind2=" ">
    <subfield code="a">Academy of Sciences Göttingen</subfield>
    <subfield code="g">Akademie der Wissenschaften in Göttingen</subfield>
    <subfield code="A">GND</subfield>
    <subfield code="B">GND-004642007</subfield>
    <subfield code="C">410</subfield>
  </datafield>
  <datafield tag="GKT" ind1="2" ind2=" ">
    <subfield code="a">Academy of Sciences and Humanities</subfield>
    <subfield code="g">Akademie der Wissenschaften in Göttingen</subfield>
    <subfield code="A">GND</subfield>
    <subfield code="B">GND-004642007</subfield>
    <subfield code="C">410</subfield>
  </datafield>
  <datafield tag="GKT" ind1="2" ind2=" ">
    <subfield code="a">Göttingen Academy of Sciences and Humanities</subfield>
    <subfield code="g">Akademie der Wissenschaften in Göttingen</subfield>
    <subfield code="A">GND</subfield>
    <subfield code="B">GND-004642007</subfield>
    <subfield code="C">410</subfield>
  </datafield>
  <datafield tag="GKT" ind1="2" ind2=" ">
    <subfield code="a">Akademie der Wissenschaften zu Göttingen</subfield>
    <subfield code="g">Akademie der Wissenschaften in Göttingen</subfield>
    <subfield code="A">GND</subfield>
    <subfield code="B">GND-004642007</subfield>
    <subfield code="C">410</subfield>
  </datafield>
  <datafield tag="GKT" ind1="2" ind2=" ">
    <subfield code="a">Akademie der Wissenschaften zu Göttingen</subfield>
    <subfield code="g">1941-2001</subfield>
    <subfield code="A">GND</subfield>
    <subfield code="B">GND-004642007</subfield>
    <subfield code="C">410</subfield>
  </datafield>
  <datafield tag="GSI" ind1="7" ind2=" ">
    <subfield code="a">2003658-9</subfield>
    <subfield code="0">http://d-nb.info/gnd/2003658-9</subfield>
    <subfield code="2">gnd</subfield>
    <subfield code="A">GND</subfield>
    <subfield code="B">GND-004642007</subfield>
    <subfield code="C">024</subfield>
  </datafield>
</record>
